%YAML 1.1
%TAG !u! tag:unity3d.com,2011:
--- !u!1 &13801106316955559
GameObject:
  m_ObjectHideFlags: 0
  m_CorrespondingSourceObject: {fileID: 0}
  m_PrefabInstance: {fileID: 0}
  m_PrefabAsset: {fileID: 0}
  serializedVersion: 6
  m_Component:
  - component: {fileID: 6913043819786621178}
  m_Layer: 0
  m_Name: b_LeftFoot02
  m_TagString: Untagged
  m_Icon: {fileID: 0}
  m_NavMeshLayer: 0
  m_StaticEditorFlags: 0
  m_IsActive: 1
--- !u!4 &6913043819786621178
Transform:
  m_ObjectHideFlags: 0
  m_CorrespondingSourceObject: {fileID: 0}
  m_PrefabInstance: {fileID: 0}
  m_PrefabAsset: {fileID: 0}
  m_GameObject: {fileID: 13801106316955559}
  m_LocalRotation: {x: -0.000000017150537, y: -0.000000026214277, z: -0.5472883, w: 0.83694416}
  m_LocalPosition: {x: -0.40081045, y: 0.00000058135987, z: 0}
  m_LocalScale: {x: 1.0000002, y: 1.0000001, z: 0.99999994}
  m_Children: []
  m_Father: {fileID: 7219928858154197293}
  m_RootOrder: 0
  m_LocalEulerAnglesHint: {x: 0, y: 0, z: 0}
--- !u!1 &584969361739909292
GameObject:
  m_ObjectHideFlags: 0
  m_CorrespondingSourceObject: {fileID: 0}
  m_PrefabInstance: {fileID: 0}
  m_PrefabAsset: {fileID: 0}
  serializedVersion: 6
  m_Component:
  - component: {fileID: 5561482358965323889}
  m_Layer: 0
  m_Name: b_RightForeArm
  m_TagString: Untagged
  m_Icon: {fileID: 0}
  m_NavMeshLayer: 0
  m_StaticEditorFlags: 0
  m_IsActive: 1
--- !u!4 &5561482358965323889
Transform:
  m_ObjectHideFlags: 0
  m_CorrespondingSourceObject: {fileID: 0}
  m_PrefabInstance: {fileID: 0}
  m_PrefabAsset: {fileID: 0}
  m_GameObject: {fileID: 584969361739909292}
  m_LocalRotation: {x: 0.00000003763993, y: -0.0000000013974703, z: -0.0371259, w: 0.9993106}
  m_LocalPosition: {x: -0.5853462, y: 0.00000009689331, z: 0.000000024223327}
  m_LocalScale: {x: 1.0000001, y: 1.0000001, z: 1}
  m_Children:
  - {fileID: 9168119132307123731}
  m_Father: {fileID: 4882795280368871244}
  m_RootOrder: 0
  m_LocalEulerAnglesHint: {x: 0, y: 0, z: 0}
--- !u!1 &1261406082582045097
GameObject:
  m_ObjectHideFlags: 0
  m_CorrespondingSourceObject: {fileID: 0}
  m_PrefabInstance: {fileID: 0}
  m_PrefabAsset: {fileID: 0}
  serializedVersion: 6
  m_Component:
  - component: {fileID: 6649025101528764662}
  m_Layer: 0
  m_Name: b_Tail02
  m_TagString: Untagged
  m_Icon: {fileID: 0}
  m_NavMeshLayer: 0
  m_StaticEditorFlags: 0
  m_IsActive: 1
--- !u!4 &6649025101528764662
Transform:
  m_ObjectHideFlags: 0
  m_CorrespondingSourceObject: {fileID: 0}
  m_PrefabInstance: {fileID: 0}
  m_PrefabAsset: {fileID: 0}
  m_GameObject: {fileID: 1261406082582045097}
  m_LocalRotation: {x: 0, y: 0, z: 0.06961718, w: 0.9975738}
  m_LocalPosition: {x: -0.31526265, y: 0.00000019378662, z: 0.0000000067890396}
  m_LocalScale: {x: 1, y: 1, z: 1}
  m_Children:
  - {fileID: 6438803645026233704}
  m_Father: {fileID: 4796894875181886919}
  m_RootOrder: 0
  m_LocalEulerAnglesHint: {x: 0, y: 0, z: 0}
--- !u!1 &2301353964756778671
GameObject:
  m_ObjectHideFlags: 0
  m_CorrespondingSourceObject: {fileID: 0}
  m_PrefabInstance: {fileID: 0}
  m_PrefabAsset: {fileID: 0}
  serializedVersion: 6
  m_Component:
  - component: {fileID: 5821048625423845578}
  m_Layer: 0
  m_Name: b_RightLeg01
  m_TagString: Untagged
  m_Icon: {fileID: 0}
  m_NavMeshLayer: 0
  m_StaticEditorFlags: 0
  m_IsActive: 1
--- !u!4 &5821048625423845578
Transform:
  m_ObjectHideFlags: 0
  m_CorrespondingSourceObject: {fileID: 0}
  m_PrefabInstance: {fileID: 0}
  m_PrefabAsset: {fileID: 0}
  m_GameObject: {fileID: 2301353964756778671}
  m_LocalRotation: {x: 0.00000008423566, y: 0.00000051554423, z: 0.9699586, w: 0.24327002}
  m_LocalPosition: {x: -0.12226996, y: 0.13091226, z: 0.17697611}
  m_LocalScale: {x: 0.9999999, y: 0.9999999, z: 1}
  m_Children:
  - {fileID: 7770534920997734675}
  m_Father: {fileID: 7965002295549744518}
  m_RootOrder: 1
  m_LocalEulerAnglesHint: {x: 0, y: 0, z: 0}
--- !u!1 &2521187535029904252
GameObject:
  m_ObjectHideFlags: 0
  m_CorrespondingSourceObject: {fileID: 0}
  m_PrefabInstance: {fileID: 0}
  m_PrefabAsset: {fileID: 0}
  serializedVersion: 6
  m_Component:
  - component: {fileID: 6714572576393518238}
  m_Layer: 0
  m_Name: b_RightFoot02
  m_TagString: Untagged
  m_Icon: {fileID: 0}
  m_NavMeshLayer: 0
  m_StaticEditorFlags: 0
  m_IsActive: 1
--- !u!4 &6714572576393518238
Transform:
  m_ObjectHideFlags: 0
  m_CorrespondingSourceObject: {fileID: 0}
  m_PrefabInstance: {fileID: 0}
  m_PrefabAsset: {fileID: 0}
  m_GameObject: {fileID: 2521187535029904252}
  m_LocalRotation: {x: -0.000000017121435, y: -0.00000002619636, z: -0.5472883, w: 0.83694416}
  m_LocalPosition: {x: -0.40081036, y: 0.0000005329132, z: 0}
  m_LocalScale: {x: 1.0000002, y: 1.0000001, z: 1}
  m_Children: []
  m_Father: {fileID: 4434424590974413454}
  m_RootOrder: 0
  m_LocalEulerAnglesHint: {x: 0, y: 0, z: 0}
--- !u!1 &2990350298682009429
GameObject:
  m_ObjectHideFlags: 0
  m_CorrespondingSourceObject: {fileID: 0}
  m_PrefabInstance: {fileID: 0}
  m_PrefabAsset: {fileID: 0}
  serializedVersion: 6
  m_Component:
  - component: {fileID: 2244061554556949830}
  - component: {fileID: 8191627543580702780}
  - component: {fileID: 2990350298682009430}
  - component: {fileID: 2990350298682009428}
  - component: {fileID: 8859429364735852748}
  - component: {fileID: 4047137255542662542}
  - component: {fileID: 1993520277846431983}
  m_Layer: 0
  m_Name: Fox
  m_TagString: Object
  m_Icon: {fileID: 0}
  m_NavMeshLayer: 0
  m_StaticEditorFlags: 0
  m_IsActive: 1
--- !u!4 &2244061554556949830
Transform:
  m_ObjectHideFlags: 0
  m_CorrespondingSourceObject: {fileID: 0}
  m_PrefabInstance: {fileID: 0}
  m_PrefabAsset: {fileID: 0}
  m_GameObject: {fileID: 2990350298682009429}
  m_LocalRotation: {x: 0, y: 0, z: 0, w: 1}
  m_LocalPosition: {x: 0, y: 0, z: 0}
  m_LocalScale: {x: 0.6, y: 0.6, z: 0.6}
  m_Children:
  - {fileID: 6947550275896457502}
  - {fileID: 5420055259942031567}
  - {fileID: 5926032749735571823}
  m_Father: {fileID: 0}
  m_RootOrder: 0
  m_LocalEulerAnglesHint: {x: 0, y: 0, z: 0}
--- !u!95 &8191627543580702780
Animator:
  serializedVersion: 3
  m_ObjectHideFlags: 0
  m_CorrespondingSourceObject: {fileID: 0}
  m_PrefabInstance: {fileID: 0}
  m_PrefabAsset: {fileID: 0}
  m_GameObject: {fileID: 2990350298682009429}
  m_Enabled: 1
  m_Avatar: {fileID: 9000000, guid: 187cf50d8e3c4cd4692d9c9f9a045130, type: 3}
  m_Controller: {fileID: 0}
  m_CullingMode: 1
  m_UpdateMode: 0
  m_ApplyRootMotion: 0
  m_LinearVelocityBlending: 0
  m_WarningMessage: 
  m_HasTransformHierarchy: 1
  m_AllowConstantClipSamplingOptimization: 1
  m_KeepAnimatorControllerStateOnDisable: 0
--- !u!114 &2990350298682009430
MonoBehaviour:
  m_ObjectHideFlags: 0
  m_CorrespondingSourceObject: {fileID: 0}
  m_PrefabInstance: {fileID: 0}
  m_PrefabAsset: {fileID: 0}
  m_GameObject: {fileID: 2990350298682009429}
  m_Enabled: 1
  m_EditorHideFlags: 0
  m_Script: {fileID: 11500000, guid: d28811062eff0ff469095eaf4c773650, type: 3}
  m_Name: 
  m_EditorClassIdentifier: 
  gObject: {fileID: 2990350298682009429}
  stateCube: {fileID: 5926032749735571810}
  stateColours:
  - {fileID: 10302, guid: 0000000000000000f000000000000000, type: 0}
  - {fileID: 2100000, guid: e98af87b41d657e49bfc7355eb73c51b, type: 2}
  - {fileID: 2100000, guid: 0991c17d542a2af438cc8bd5bf4b5a81, type: 2}
  mDesire: {fileID: 2990350298682009428}
  sDesire: {fileID: 4047137255542662542}
  attributes: 
  movesToMate: 3
  currentWP: 0
  selected: 0
--- !u!114 &2990350298682009428
MonoBehaviour:
  m_ObjectHideFlags: 0
  m_CorrespondingSourceObject: {fileID: 0}
  m_PrefabInstance: {fileID: 0}
  m_PrefabAsset: {fileID: 0}
  m_GameObject: {fileID: 2990350298682009429}
  m_Enabled: 1
  m_EditorHideFlags: 0
  m_Script: {fileID: 11500000, guid: f669e1e6edd77bf4f973c185e40905ac, type: 3}
  m_Name: 
  m_EditorClassIdentifier: 
  closestMate: 0
  matingNeed: 0
  crispDesirability: 0
--- !u!65 &8859429364735852748
BoxCollider:
  m_ObjectHideFlags: 0
  m_CorrespondingSourceObject: {fileID: 0}
  m_PrefabInstance: {fileID: 0}
  m_PrefabAsset: {fileID: 0}
  m_GameObject: {fileID: 2990350298682009429}
  m_Material: {fileID: 0}
  m_IsTrigger: 1
  m_Enabled: 1
  serializedVersion: 2
  m_Size: {x: 0.5249852, y: 0.8815125, z: 1.3695441}
  m_Center: {x: 0.06524712, y: 0.94475687, z: -0.108964786}
--- !u!114 &4047137255542662542
MonoBehaviour:
  m_ObjectHideFlags: 0
  m_CorrespondingSourceObject: {fileID: 0}
  m_PrefabInstance: {fileID: 0}
  m_PrefabAsset: {fileID: 0}
  m_GameObject: {fileID: 2990350298682009429}
  m_Enabled: 1
  m_EditorHideFlags: 0
  m_Script: {fileID: 11500000, guid: 86427e0501fef014299de2fa11b7fa21, type: 3}
  m_Name: 
  m_EditorClassIdentifier: 
  closestFood: 0
  hunger: 0
  crispDesirability: 0
--- !u!54 &1993520277846431983
Rigidbody:
  m_ObjectHideFlags: 0
  m_CorrespondingSourceObject: {fileID: 0}
  m_PrefabInstance: {fileID: 0}
  m_PrefabAsset: {fileID: 0}
  m_GameObject: {fileID: 2990350298682009429}
  serializedVersion: 2
  m_Mass: 1
  m_Drag: 0
  m_AngularDrag: 0.05
  m_UseGravity: 0
  m_IsKinematic: 1
  m_Interpolate: 0
  m_Constraints: 0
  m_CollisionDetection: 3
--- !u!1 &3299682571073405694
GameObject:
  m_ObjectHideFlags: 0
  m_CorrespondingSourceObject: {fileID: 0}
  m_PrefabInstance: {fileID: 0}
  m_PrefabAsset: {fileID: 0}
  serializedVersion: 6
  m_Component:
  - component: {fileID: 2072917068396832888}
  m_Layer: 0
  m_Name: b_Spine02
  m_TagString: Untagged
  m_Icon: {fileID: 0}
  m_NavMeshLayer: 0
  m_StaticEditorFlags: 0
  m_IsActive: 1
--- !u!4 &2072917068396832888
Transform:
  m_ObjectHideFlags: 0
  m_CorrespondingSourceObject: {fileID: 0}
  m_PrefabInstance: {fileID: 0}
  m_PrefabAsset: {fileID: 0}
  m_GameObject: {fileID: 3299682571073405694}
  m_LocalRotation: {x: 0.00000004691974, y: -8.1707513e-10, z: -0.017411953, w: 0.9998484}
  m_LocalPosition: {x: -0.55005616, y: -0.0000030036927, z: 0.000000071447744}
  m_LocalScale: {x: 1, y: 1, z: 1}
  m_Children:
  - {fileID: 8593612734176181707}
  - {fileID: 1558985614209920087}
  - {fileID: 4882795280368871244}
  m_Father: {fileID: 4742952141517006993}
  m_RootOrder: 0
  m_LocalEulerAnglesHint: {x: 0, y: 0, z: 0}
--- !u!1 &3765832547735079128
GameObject:
  m_ObjectHideFlags: 0
  m_CorrespondingSourceObject: {fileID: 0}
  m_PrefabInstance: {fileID: 0}
  m_PrefabAsset: {fileID: 0}
  serializedVersion: 6
  m_Component:
  - component: {fileID: 4434424590974413454}
  m_Layer: 0
  m_Name: b_RightFoot01
  m_TagString: Untagged
  m_Icon: {fileID: 0}
  m_NavMeshLayer: 0
  m_StaticEditorFlags: 0
  m_IsActive: 1
--- !u!4 &4434424590974413454
Transform:
  m_ObjectHideFlags: 0
  m_CorrespondingSourceObject: {fileID: 0}
  m_PrefabInstance: {fileID: 0}
  m_PrefabAsset: {fileID: 0}
  m_GameObject: {fileID: 3765832547735079128}
  m_LocalRotation: {x: -0.00015345457, y: 0.000079042045, z: -0.4579094, w: 0.88899887}
  m_LocalPosition: {x: -0.45574737, y: -0.00000019378662, z: -0.000000012111664}
  m_LocalScale: {x: 1, y: 1.0000001, z: 1}
  m_Children:
  - {fileID: 6714572576393518238}
  m_Father: {fileID: 7770534920997734675}
  m_RootOrder: 0
  m_LocalEulerAnglesHint: {x: 0, y: 0, z: 0}
--- !u!1 &4037827676495205343
GameObject:
  m_ObjectHideFlags: 0
  m_CorrespondingSourceObject: {fileID: 0}
  m_PrefabInstance: {fileID: 0}
  m_PrefabAsset: {fileID: 0}
  serializedVersion: 6
  m_Component:
  - component: {fileID: 4796894875181886919}
  m_Layer: 0
  m_Name: b_Tail01
  m_TagString: Untagged
  m_Icon: {fileID: 0}
  m_NavMeshLayer: 0
  m_StaticEditorFlags: 0
  m_IsActive: 1
--- !u!4 &4796894875181886919
Transform:
  m_ObjectHideFlags: 0
  m_CorrespondingSourceObject: {fileID: 0}
  m_PrefabInstance: {fileID: 0}
  m_PrefabAsset: {fileID: 0}
  m_GameObject: {fileID: 4037827676495205343}
  m_LocalRotation: {x: 0.00000012060808, y: 0.0000002944962, z: 0.9818929, w: -0.18943687}
  m_LocalPosition: {x: -0.10821369, y: 0.40535277, z: -0.00000029067994}
  m_LocalScale: {x: 0.9999998, y: 0.9999998, z: 1}
  m_Children:
  - {fileID: 6649025101528764662}
  m_Father: {fileID: 7965002295549744518}
  m_RootOrder: 3
  m_LocalEulerAnglesHint: {x: 0, y: 0, z: 0}
--- !u!1 &4167065656315642441
GameObject:
  m_ObjectHideFlags: 0
  m_CorrespondingSourceObject: {fileID: 0}
  m_PrefabInstance: {fileID: 0}
  m_PrefabAsset: {fileID: 0}
  serializedVersion: 6
  m_Component:
  - component: {fileID: 7965002295549744518}
  m_Layer: 0
  m_Name: b_Hip
  m_TagString: Untagged
  m_Icon: {fileID: 0}
  m_NavMeshLayer: 0
  m_StaticEditorFlags: 0
  m_IsActive: 1
--- !u!4 &7965002295549744518
Transform:
  m_ObjectHideFlags: 0
  m_CorrespondingSourceObject: {fileID: 0}
  m_PrefabInstance: {fileID: 0}
  m_PrefabAsset: {fileID: 0}
  m_GameObject: {fileID: 4167065656315642441}
  m_LocalRotation: {x: 0.12769093, y: 0.695482, z: 0.12769027, w: 0.69548184}
  m_LocalPosition: {x: -0.000000042938392, y: 0.67940944, z: 1.0906296}
  m_LocalScale: {x: 1, y: 1.0000001, z: 1}
  m_Children:
  - {fileID: 8387579200334185898}
  - {fileID: 5821048625423845578}
  - {fileID: 4742952141517006993}
  - {fileID: 4796894875181886919}
  m_Father: {fileID: 6947550275896457502}
  m_RootOrder: 0
  m_LocalEulerAnglesHint: {x: 0, y: 0, z: 0}
--- !u!1 &4259411038992433941
GameObject:
  m_ObjectHideFlags: 0
  m_CorrespondingSourceObject: {fileID: 0}
  m_PrefabInstance: {fileID: 0}
  m_PrefabAsset: {fileID: 0}
  serializedVersion: 6
  m_Component:
  - component: {fileID: 9168119132307123731}
  m_Layer: 0
  m_Name: b_RightHand
  m_TagString: Untagged
  m_Icon: {fileID: 0}
  m_NavMeshLayer: 0
  m_StaticEditorFlags: 0
  m_IsActive: 1
--- !u!4 &9168119132307123731
Transform:
  m_ObjectHideFlags: 0
  m_CorrespondingSourceObject: {fileID: 0}
  m_PrefabInstance: {fileID: 0}
  m_PrefabAsset: {fileID: 0}
  m_GameObject: {fileID: 4259411038992433941}
  m_LocalRotation: {x: -0.012037408, y: 0.007822211, z: -0.46056235, w: 0.8875113}
  m_LocalPosition: {x: -0.4914914, y: -0.0037080585, z: 0.000000024223327}
  m_LocalScale: {x: 0.99999994, y: 0.99999994, z: 1}
  m_Children: []
  m_Father: {fileID: 5561482358965323889}
  m_RootOrder: 0
  m_LocalEulerAnglesHint: {x: 0, y: 0, z: 0}
--- !u!1 &5002294086369321656
GameObject:
  m_ObjectHideFlags: 0
  m_CorrespondingSourceObject: {fileID: 0}
  m_PrefabInstance: {fileID: 0}
  m_PrefabAsset: {fileID: 0}
  serializedVersion: 6
  m_Component:
  - component: {fileID: 2052162882843552689}
  m_Layer: 0
  m_Name: b_LeftForeArm
  m_TagString: Untagged
  m_Icon: {fileID: 0}
  m_NavMeshLayer: 0
  m_StaticEditorFlags: 0
  m_IsActive: 1
--- !u!4 &2052162882843552689
Transform:
  m_ObjectHideFlags: 0
  m_CorrespondingSourceObject: {fileID: 0}
  m_PrefabInstance: {fileID: 0}
  m_PrefabAsset: {fileID: 0}
  m_GameObject: {fileID: 5002294086369321656}
  m_LocalRotation: {x: 0.000000037680742, y: -0.0000000013998966, z: -0.0371259, w: 0.9993106}
  m_LocalPosition: {x: -0.58534616, y: 0.000000048446655, z: -0.000000024223327}
  m_LocalScale: {x: 1, y: 1.0000001, z: 1}
  m_Children:
  - {fileID: 2517896518157419942}
  m_Father: {fileID: 8593612734176181707}
  m_RootOrder: 0
  m_LocalEulerAnglesHint: {x: 0, y: 0, z: 0}
--- !u!1 &5579191085848176539
GameObject:
  m_ObjectHideFlags: 0
  m_CorrespondingSourceObject: {fileID: 0}
  m_PrefabInstance: {fileID: 0}
  m_PrefabAsset: {fileID: 0}
  serializedVersion: 6
  m_Component:
  - component: {fileID: 8387579200334185898}
  m_Layer: 0
  m_Name: b_LeftLeg01
  m_TagString: Untagged
  m_Icon: {fileID: 0}
  m_NavMeshLayer: 0
  m_StaticEditorFlags: 0
  m_IsActive: 1
--- !u!4 &8387579200334185898
Transform:
  m_ObjectHideFlags: 0
  m_CorrespondingSourceObject: {fileID: 0}
  m_PrefabInstance: {fileID: 0}
  m_PrefabAsset: {fileID: 0}
  m_GameObject: {fileID: 5579191085848176539}
  m_LocalRotation: {x: 0.000013698795, y: -0.00017175225, z: 0.9700159, w: 0.24304155}
  m_LocalPosition: {x: -0.122269765, y: 0.13091207, z: -0.17698735}
  m_LocalScale: {x: 0.9999999, y: 0.9999998, z: 1}
  m_Children:
  - {fileID: 2172427310545568467}
  m_Father: {fileID: 7965002295549744518}
  m_RootOrder: 0
  m_LocalEulerAnglesHint: {x: 0, y: 0, z: 0}
--- !u!1 &5926032749735571811
GameObject:
  m_ObjectHideFlags: 0
  m_CorrespondingSourceObject: {fileID: 0}
  m_PrefabInstance: {fileID: 0}
  m_PrefabAsset: {fileID: 0}
  serializedVersion: 6
  m_Component:
  - component: {fileID: 5926032749735571823}
  - component: {fileID: 5926032749735571820}
  - component: {fileID: 5926032749735571810}
  m_Layer: 0
  m_Name: Cube
  m_TagString: Untagged
  m_Icon: {fileID: 0}
  m_NavMeshLayer: 0
  m_StaticEditorFlags: 0
  m_IsActive: 1
--- !u!4 &5926032749735571823
Transform:
  m_ObjectHideFlags: 0
  m_CorrespondingSourceObject: {fileID: 0}
  m_PrefabInstance: {fileID: 0}
  m_PrefabAsset: {fileID: 0}
  m_GameObject: {fileID: 5926032749735571811}
  m_LocalRotation: {x: 0.46193978, y: 0.19134173, z: 0.19134173, w: 0.84462327}
  m_LocalPosition: {x: 0, y: 2.7666664, z: 0}
  m_LocalScale: {x: 0.5, y: 0.50000006, z: 0.5000001}
  m_Children: []
  m_Father: {fileID: 2244061554556949830}
  m_RootOrder: 2
  m_LocalEulerAnglesHint: {x: 45, y: 45, z: 45}
--- !u!33 &5926032749735571820
MeshFilter:
  m_ObjectHideFlags: 0
  m_CorrespondingSourceObject: {fileID: 0}
  m_PrefabInstance: {fileID: 0}
  m_PrefabAsset: {fileID: 0}
  m_GameObject: {fileID: 5926032749735571811}
  m_Mesh: {fileID: 10202, guid: 0000000000000000e000000000000000, type: 0}
--- !u!23 &5926032749735571810
MeshRenderer:
  m_ObjectHideFlags: 0
  m_CorrespondingSourceObject: {fileID: 0}
  m_PrefabInstance: {fileID: 0}
  m_PrefabAsset: {fileID: 0}
  m_GameObject: {fileID: 5926032749735571811}
  m_Enabled: 1
  m_CastShadows: 1
  m_ReceiveShadows: 1
  m_DynamicOccludee: 1
  m_MotionVectors: 1
  m_LightProbeUsage: 1
  m_ReflectionProbeUsage: 1
  m_RenderingLayerMask: 1
  m_RendererPriority: 0
  m_Materials:
  - {fileID: 10303, guid: 0000000000000000f000000000000000, type: 0}
  m_StaticBatchInfo:
    firstSubMesh: 0
    subMeshCount: 0
  m_StaticBatchRoot: {fileID: 0}
  m_ProbeAnchor: {fileID: 0}
  m_LightProbeVolumeOverride: {fileID: 0}
  m_ScaleInLightmap: 1
  m_ReceiveGI: 1
  m_PreserveUVs: 0
  m_IgnoreNormalsForChartDetection: 0
  m_ImportantGI: 0
  m_StitchLightmapSeams: 1
  m_SelectedEditorRenderState: 3
  m_MinimumChartSize: 4
  m_AutoUVMaxDistance: 0.5
  m_AutoUVMaxAngle: 89
  m_LightmapParameters: {fileID: 0}
  m_SortingLayerID: 0
  m_SortingLayer: 0
  m_SortingOrder: 0
--- !u!1 &6506482769033574600
GameObject:
  m_ObjectHideFlags: 0
  m_CorrespondingSourceObject: {fileID: 0}
  m_PrefabInstance: {fileID: 0}
  m_PrefabAsset: {fileID: 0}
  serializedVersion: 6
  m_Component:
  - component: {fileID: 7770534920997734675}
  m_Layer: 0
  m_Name: b_RightLeg02
  m_TagString: Untagged
  m_Icon: {fileID: 0}
  m_NavMeshLayer: 0
  m_StaticEditorFlags: 0
  m_IsActive: 1
--- !u!4 &7770534920997734675
Transform:
  m_ObjectHideFlags: 0
  m_CorrespondingSourceObject: {fileID: 0}
  m_PrefabInstance: {fileID: 0}
  m_PrefabAsset: {fileID: 0}
  m_GameObject: {fileID: 6506482769033574600}
  m_LocalRotation: {x: 0.000000006929313, y: -0.000000017505773, z: 0.3680438, w: 0.92980844}
  m_LocalPosition: {x: -0.48118225, y: -0.000000048446655, z: 0.000000024223327}
  m_LocalScale: {x: 1, y: 1, z: 1}
  m_Children:
  - {fileID: 4434424590974413454}
  m_Father: {fileID: 5821048625423845578}
  m_RootOrder: 0
  m_LocalEulerAnglesHint: {x: 0, y: 0, z: 0}
--- !u!1 &6878604075681086818
GameObject:
  m_ObjectHideFlags: 0
  m_CorrespondingSourceObject: {fileID: 0}
  m_PrefabInstance: {fileID: 0}
  m_PrefabAsset: {fileID: 0}
  serializedVersion: 6
  m_Component:
  - component: {fileID: 2517896518157419942}
  m_Layer: 0
  m_Name: b_LeftHand
  m_TagString: Untagged
  m_Icon: {fileID: 0}
  m_NavMeshLayer: 0
  m_StaticEditorFlags: 0
  m_IsActive: 1
--- !u!4 &2517896518157419942
Transform:
  m_ObjectHideFlags: 0
  m_CorrespondingSourceObject: {fileID: 0}
  m_PrefabInstance: {fileID: 0}
  m_PrefabAsset: {fileID: 0}
  m_GameObject: {fileID: 6878604075681086818}
  m_LocalRotation: {x: 0.016517913, y: -0.014013739, z: -0.46007556, w: 0.8876155}
  m_LocalPosition: {x: -0.49149132, y: -0.0037081554, z: -0.000000012111664}
  m_LocalScale: {x: 1.0000002, y: 1.0000002, z: 1}
  m_Children: []
  m_Father: {fileID: 2052162882843552689}
  m_RootOrder: 0
  m_LocalEulerAnglesHint: {x: 0, y: 0, z: 0}
--- !u!1 &7127704459661426855
GameObject:
  m_ObjectHideFlags: 0
  m_CorrespondingSourceObject: {fileID: 0}
  m_PrefabInstance: {fileID: 0}
  m_PrefabAsset: {fileID: 0}
  serializedVersion: 6
  m_Component:
  - component: {fileID: 7219928858154197293}
  m_Layer: 0
  m_Name: b_LeftFoot01
  m_TagString: Untagged
  m_Icon: {fileID: 0}
  m_NavMeshLayer: 0
  m_StaticEditorFlags: 0
  m_IsActive: 1
--- !u!4 &7219928858154197293
Transform:
  m_ObjectHideFlags: 0
  m_CorrespondingSourceObject: {fileID: 0}
  m_PrefabInstance: {fileID: 0}
  m_PrefabAsset: {fileID: 0}
  m_GameObject: {fileID: 7127704459661426855}
  m_LocalRotation: {x: 0.0002484106, y: -0.000050891893, z: -0.4584841, w: 0.8887026}
  m_LocalPosition: {x: -0.45574743, y: -0.00000009689331, z: -0.000000012111664}
  m_LocalScale: {x: 0.99999994, y: 0.99999994, z: 1}
  m_Children:
  - {fileID: 6913043819786621178}
  m_Father: {fileID: 2172427310545568467}
  m_RootOrder: 0
  m_LocalEulerAnglesHint: {x: 0, y: 0, z: 0}
--- !u!1 &7846430328474431855
GameObject:
  m_ObjectHideFlags: 0
  m_CorrespondingSourceObject: {fileID: 0}
  m_PrefabInstance: {fileID: 0}
  m_PrefabAsset: {fileID: 0}
  serializedVersion: 6
  m_Component:
  - component: {fileID: 1558985614209920087}
  m_Layer: 0
  m_Name: b_Neck
  m_TagString: Untagged
  m_Icon: {fileID: 0}
  m_NavMeshLayer: 0
  m_StaticEditorFlags: 0
  m_IsActive: 1
--- !u!4 &1558985614209920087
Transform:
  m_ObjectHideFlags: 0
  m_CorrespondingSourceObject: {fileID: 0}
  m_PrefabInstance: {fileID: 0}
  m_PrefabAsset: {fileID: 0}
  m_GameObject: {fileID: 7846430328474431855}
  m_LocalRotation: {x: 3.0620089e-15, y: -9.748967e-16, z: -0.30337918, w: 0.95286995}
  m_LocalPosition: {x: -0.6514883, y: 0, z: 0.0000000018721473}
  m_LocalScale: {x: 1, y: 1, z: 1}
  m_Children:
  - {fileID: 6494227432312512337}
  m_Father: {fileID: 2072917068396832888}
  m_RootOrder: 1
  m_LocalEulerAnglesHint: {x: 0, y: 0, z: 0}
--- !u!1 &8007847382882852085
GameObject:
  m_ObjectHideFlags: 0
  m_CorrespondingSourceObject: {fileID: 0}
  m_PrefabInstance: {fileID: 0}
  m_PrefabAsset: {fileID: 0}
  serializedVersion: 6
  m_Component:
  - component: {fileID: 4882795280368871244}
  m_Layer: 0
  m_Name: b_RightUpperArm
  m_TagString: Untagged
  m_Icon: {fileID: 0}
  m_NavMeshLayer: 0
  m_StaticEditorFlags: 0
  m_IsActive: 1
--- !u!4 &4882795280368871244
Transform:
  m_ObjectHideFlags: 0
  m_CorrespondingSourceObject: {fileID: 0}
  m_PrefabInstance: {fileID: 0}
  m_PrefabAsset: {fileID: 0}
  m_GameObject: {fileID: 8007847382882852085}
  m_LocalRotation: {x: 0.00046732737, y: 0.00044614848, z: 0.7121793, w: 0.70199734}
  m_LocalPosition: {x: -0.474419, y: -0.10915244, z: 0.1769764}
  m_LocalScale: {x: 0.99999994, y: 0.99999994, z: 1}
  m_Children:
  - {fileID: 5561482358965323889}
  m_Father: {fileID: 2072917068396832888}
  m_RootOrder: 2
  m_LocalEulerAnglesHint: {x: 0, y: 0, z: 0}
--- !u!1 &8020372613144445643
GameObject:
  m_ObjectHideFlags: 0
  m_CorrespondingSourceObject: {fileID: 0}
  m_PrefabInstance: {fileID: 0}
  m_PrefabAsset: {fileID: 0}
  serializedVersion: 6
  m_Component:
  - component: {fileID: 2172427310545568467}
  m_Layer: 0
  m_Name: b_LeftLeg02
  m_TagString: Untagged
  m_Icon: {fileID: 0}
  m_NavMeshLayer: 0
  m_StaticEditorFlags: 0
  m_IsActive: 1
--- !u!4 &2172427310545568467
Transform:
  m_ObjectHideFlags: 0
  m_CorrespondingSourceObject: {fileID: 0}
  m_PrefabInstance: {fileID: 0}
  m_PrefabAsset: {fileID: 0}
  m_GameObject: {fileID: 8020372613144445643}
  m_LocalRotation: {x: 0.0000000069144743, y: -0.000000017502996, z: 0.3680438, w: 0.92980844}
  m_LocalPosition: {x: -0.48118207, y: -0.000000048446655, z: 0.000000024223327}
  m_LocalScale: {x: 1, y: 1, z: 1}
  m_Children:
  - {fileID: 7219928858154197293}
  m_Father: {fileID: 8387579200334185898}
  m_RootOrder: 0
  m_LocalEulerAnglesHint: {x: 0, y: 0, z: 0}
--- !u!1 &8272623793382853530
GameObject:
  m_ObjectHideFlags: 0
  m_CorrespondingSourceObject: {fileID: 0}
  m_PrefabInstance: {fileID: 0}
  m_PrefabAsset: {fileID: 0}
  serializedVersion: 6
  m_Component:
  - component: {fileID: 6947550275896457502}
  m_Layer: 0
  m_Name: b_Root
  m_TagString: Untagged
  m_Icon: {fileID: 0}
  m_NavMeshLayer: 0
  m_StaticEditorFlags: 0
  m_IsActive: 1
--- !u!4 &6947550275896457502
Transform:
  m_ObjectHideFlags: 0
  m_CorrespondingSourceObject: {fileID: 0}
  m_PrefabInstance: {fileID: 0}
  m_PrefabAsset: {fileID: 0}
  m_GameObject: {fileID: 8272623793382853530}
  m_LocalRotation: {x: -0.7071081, y: -0.00000008429365, z: -0.000000022476614, w: 0.70710546}
  m_LocalPosition: {x: -6.2330574e-10, y: 0, z: 0}
  m_LocalScale: {x: 0.99999994, y: 0.99999994, z: 0.99999994}
  m_Children:
  - {fileID: 7965002295549744518}
  m_Father: {fileID: 2244061554556949830}
  m_RootOrder: 0
  m_LocalEulerAnglesHint: {x: 0, y: 0, z: 0}
--- !u!1 &8401256360072802880
GameObject:
  m_ObjectHideFlags: 0
  m_CorrespondingSourceObject: {fileID: 0}
  m_PrefabInstance: {fileID: 0}
  m_PrefabAsset: {fileID: 0}
  serializedVersion: 6
  m_Component:
  - component: {fileID: 5420055259942031567}
  - component: {fileID: 4405300979805201475}
  m_Layer: 0
  m_Name: fox1
  m_TagString: Untagged
  m_Icon: {fileID: 0}
  m_NavMeshLayer: 0
  m_StaticEditorFlags: 0
  m_IsActive: 1
--- !u!4 &5420055259942031567
Transform:
  m_ObjectHideFlags: 0
  m_CorrespondingSourceObject: {fileID: 0}
  m_PrefabInstance: {fileID: 0}
  m_PrefabAsset: {fileID: 0}
  m_GameObject: {fileID: 8401256360072802880}
  m_LocalRotation: {x: -0.7071068, y: 0, z: -0, w: 0.7071068}
  m_LocalPosition: {x: -0, y: 0, z: 0}
  m_LocalScale: {x: 1, y: 1, z: 1}
  m_Children: []
  m_Father: {fileID: 2244061554556949830}
  m_RootOrder: 1
  m_LocalEulerAnglesHint: {x: 0, y: 0, z: 0}
--- !u!137 &4405300979805201475
SkinnedMeshRenderer:
  m_ObjectHideFlags: 0
  m_CorrespondingSourceObject: {fileID: 0}
  m_PrefabInstance: {fileID: 0}
  m_PrefabAsset: {fileID: 0}
  m_GameObject: {fileID: 8401256360072802880}
  m_Enabled: 1
  m_CastShadows: 1
  m_ReceiveShadows: 1
  m_DynamicOccludee: 1
  m_MotionVectors: 1
  m_LightProbeUsage: 1
  m_ReflectionProbeUsage: 1
  m_RenderingLayerMask: 1
  m_RendererPriority: 0
  m_Materials:
  - {fileID: -6584224401233341259, guid: 187cf50d8e3c4cd4692d9c9f9a045130, type: 3}
  m_StaticBatchInfo:
    firstSubMesh: 0
    subMeshCount: 0
  m_StaticBatchRoot: {fileID: 0}
  m_ProbeAnchor: {fileID: 0}
  m_LightProbeVolumeOverride: {fileID: 0}
  m_ScaleInLightmap: 1
  m_ReceiveGI: 1
  m_PreserveUVs: 0
  m_IgnoreNormalsForChartDetection: 0
  m_ImportantGI: 0
  m_StitchLightmapSeams: 1
  m_SelectedEditorRenderState: 3
  m_MinimumChartSize: 4
  m_AutoUVMaxDistance: 0.5
  m_AutoUVMaxAngle: 89
  m_LightmapParameters: {fileID: 0}
  m_SortingLayerID: 0
  m_SortingLayer: 0
  m_SortingOrder: 0
  serializedVersion: 2
  m_Quality: 0
  m_UpdateWhenOffscreen: 0
  m_SkinnedMotionVectors: 1
  m_Mesh: {fileID: -8381936957239890517, guid: 187cf50d8e3c4cd4692d9c9f9a045130, type: 3}
  m_Bones:
  - {fileID: 2072917068396832888}
  - {fileID: 5561482358965323889}
  - {fileID: 7965002295549744518}
  - {fileID: 4742952141517006993}
  - {fileID: 2172427310545568467}
  - {fileID: 8387579200334185898}
  - {fileID: 4796894875181886919}
  - {fileID: 2052162882843552689}
  - {fileID: 8593612734176181707}
  - {fileID: 6494227432312512337}
  - {fileID: 1558985614209920087}
  - {fileID: 6649025101528764662}
  - {fileID: 7219928858154197293}
  - {fileID: 6913043819786621178}
  - {fileID: 2517896518157419942}
  - {fileID: 6438803645026233704}
  - {fileID: 7770534920997734675}
  - {fileID: 5821048625423845578}
  - {fileID: 4882795280368871244}
  - {fileID: 4434424590974413454}
  - {fileID: 6714572576393518238}
  - {fileID: 9168119132307123731}
  m_BlendShapeWeights: []
  m_RootBone: {fileID: 7965002295549744518}
  m_AABB:
    m_Center: {x: -0.122172296, y: -0.39997298, z: 0.0000010430813}
    m_Extent: {x: 1.5028157, y: 1.7556212, z: 0.3198552}
  m_DirtyAABB: 0
--- !u!1 &8614552656512503493
GameObject:
  m_ObjectHideFlags: 0
  m_CorrespondingSourceObject: {fileID: 0}
  m_PrefabInstance: {fileID: 0}
  m_PrefabAsset: {fileID: 0}
  serializedVersion: 6
  m_Component:
  - component: {fileID: 4742952141517006993}
  m_Layer: 0
  m_Name: b_Spine01
  m_TagString: Untagged
  m_Icon: {fileID: 0}
  m_NavMeshLayer: 0
  m_StaticEditorFlags: 0
  m_IsActive: 1
--- !u!4 &4742952141517006993
Transform:
  m_ObjectHideFlags: 0
  m_CorrespondingSourceObject: {fileID: 0}
  m_PrefabInstance: {fileID: 0}
  m_PrefabAsset: {fileID: 0}
  m_GameObject: {fileID: 8614552656512503493}
  m_LocalRotation: {x: -0.0000001314704, y: 0.00000010568536, z: 0.5904157, w: 0.8070993}
  m_LocalPosition: {x: -0.32640526, y: 0.00000009689331, z: 0.000000051601535}
  m_LocalScale: {x: 0.99999994, y: 1, z: 1}
  m_Children:
  - {fileID: 2072917068396832888}
  m_Father: {fileID: 7965002295549744518}
  m_RootOrder: 2
  m_LocalEulerAnglesHint: {x: 0, y: 0, z: 0}
--- !u!1 &8620300761695406762
GameObject:
  m_ObjectHideFlags: 0
  m_CorrespondingSourceObject: {fileID: 0}
  m_PrefabInstance: {fileID: 0}
  m_PrefabAsset: {fileID: 0}
  serializedVersion: 6
  m_Component:
  - component: {fileID: 6494227432312512337}
  m_Layer: 0
  m_Name: b_Head
  m_TagString: Untagged
  m_Icon: {fileID: 0}
  m_NavMeshLayer: 0
  m_StaticEditorFlags: 0
  m_IsActive: 1
--- !u!4 &6494227432312512337
Transform:
  m_ObjectHideFlags: 0
  m_CorrespondingSourceObject: {fileID: 0}
  m_PrefabInstance: {fileID: 0}
  m_PrefabAsset: {fileID: 0}
  m_GameObject: {fileID: 8620300761695406762}
  m_LocalRotation: {x: 0.000000016568256, y: 0.0000000072371233, z: 0.4002854, w: 0.91639054}
  m_LocalPosition: {x: -0.3397747, y: -0.000000090837474, z: 0.0000000032034242}
  m_LocalScale: {x: 1.0000001, y: 1.0000001, z: 1}
  m_Children: []
  m_Father: {fileID: 1558985614209920087}
  m_RootOrder: 0
  m_LocalEulerAnglesHint: {x: 0, y: 0, z: 0}
--- !u!1 &8671452600808619641
GameObject:
  m_ObjectHideFlags: 0
  m_CorrespondingSourceObject: {fileID: 0}
  m_PrefabInstance: {fileID: 0}
  m_PrefabAsset: {fileID: 0}
  serializedVersion: 6
  m_Component:
  - component: {fileID: 8593612734176181707}
  m_Layer: 0
  m_Name: b_LeftUpperArm
  m_TagString: Untagged
  m_Icon: {fileID: 0}
  m_NavMeshLayer: 0
  m_StaticEditorFlags: 0
  m_IsActive: 1
--- !u!4 &8593612734176181707
Transform:
  m_ObjectHideFlags: 0
  m_CorrespondingSourceObject: {fileID: 0}
  m_PrefabInstance: {fileID: 0}
  m_PrefabAsset: {fileID: 0}
  m_GameObject: {fileID: 8671452600808619641}
  m_LocalRotation: {x: 0.00049726194, y: 0.00088219234, z: 0.7120875, w: 0.70209}
  m_LocalPosition: {x: -0.4744191, y: -0.10915254, z: -0.17698687}
  m_LocalScale: {x: 0.9999999, y: 0.99999994, z: 1}
  m_Children:
  - {fileID: 2052162882843552689}
  m_Father: {fileID: 2072917068396832888}
  m_RootOrder: 0
  m_LocalEulerAnglesHint: {x: 0, y: 0, z: 0}
--- !u!1 &8722307229718541095
GameObject:
  m_ObjectHideFlags: 0
  m_CorrespondingSourceObject: {fileID: 0}
  m_PrefabInstance: {fileID: 0}
  m_PrefabAsset: {fileID: 0}
  serializedVersion: 6
  m_Component:
  - component: {fileID: 6438803645026233704}
  m_Layer: 0
  m_Name: b_Tail03
  m_TagString: Untagged
  m_Icon: {fileID: 0}
  m_NavMeshLayer: 0
  m_StaticEditorFlags: 0
  m_IsActive: 1
--- !u!4 &6438803645026233704
Transform:
  m_ObjectHideFlags: 0
  m_CorrespondingSourceObject: {fileID: 0}
  m_PrefabInstance: {fileID: 0}
  m_PrefabAsset: {fileID: 0}
  m_GameObject: {fileID: 8722307229718541095}
  m_LocalRotation: {x: 0, y: 0, z: 0.05383273, w: 0.99855}
  m_LocalPosition: {x: -0.6157041, y: 0, z: 0.000000016149702}
  m_LocalScale: {x: 1, y: 1, z: 1}
  m_Children: []
  m_Father: {fileID: 6649025101528764662}
  m_RootOrder: 0
  m_LocalEulerAnglesHint: {x: 0, y: 0, z: 0}
